 @misc{tmall.com, title={Repeat Buyers Prediction}, url={https://tianchi.aliyun.com/competition/entrance/231576}, journal={天猫复购预测之挑战Baseline-天池大赛-阿里云天池}, publisher={Aliyun.com}, author={TMALL.com}}
 
 @inproceedings{xgboost,
 author = {Chen, Tianqi and Guestrin, Carlos},
 title = {{XGBoost}: A Scalable Tree Boosting System},
 booktitle = {Proceedings of the 22nd ACM SIGKDD International Conference on Knowledge Discovery and Data Mining},
 series = {KDD '16},
 year = {2016},
 isbn = {978-1-4503-4232-2},
 location = {San Francisco, California, USA},
 pages = {785--794},
 numpages = {10},
 url = {http://doi.acm.org/10.1145/2939672.2939785},
 doi = {10.1145/2939672.2939785},
 acmid = {2939785},
 publisher = {ACM},
 address = {New York, NY, USA},
 keywords = {large-scale machine learning},
}

@inproceedings{lightgbm,
 author = {Ke, Guolin and Meng, Qi and Finley, Thomas and Wang, Taifeng and Chen, Wei and Ma, Weidong and Ye, Qiwei and Liu, Tie-Yan},
 booktitle = {Advances in Neural Information Processing Systems},
 editor = {I. Guyon and U. V. Luxburg and S. Bengio and H. Wallach and R. Fergus and S. Vishwanathan and R. Garnett},
 pages = {},
 publisher = {Curran Associates, Inc.},
 title = {LightGBM: A Highly Efficient Gradient Boosting Decision Tree},
 url = {https://proceedings.neurips.cc/paper/2017/file/6449f44a102fde848669bdd9eb6b76fa-Paper.pdf},
 volume = {30},
 year = {2017}
}

@article{catboost,
  author    = {Anna Veronika Dorogush and
               Andrey Gulin and
               Gleb Gusev and
               Nikita Kazeev and
               Liudmila Ostroumova Prokhorenkova and
               Aleksandr Vorobev},
  title     = {Fighting biases with dynamic boosting},
  journal   = {CoRR},
  volume    = {abs/1706.09516},
  year      = {2017},
  url       = {http://arxiv.org/abs/1706.09516},
  eprinttype = {arXiv},
  eprint    = {1706.09516},
  timestamp = {Mon, 13 Aug 2018 16:46:23 +0200},
  biburl    = {https://dblp.org/rec/journals/corr/DorogushGGKPV17.bib},
  bibsource = {dblp computer science bibliography, https://dblp.org}
}